<?xml version="1.0" encoding="UTF-8"?><record xmlns="http://www.loc.gov/MARC21/slim" xmlns:cinclude="http://apache.org/cocoon/include/1.0" xmlns:zs="http://www.loc.gov/zing/srw/">
  <leader>00765cz  a2200181n  4500</leader>
  <controlfield tag="001">n  97061751 </controlfield>
  <controlfield tag="003">DLC</controlfield>
  <controlfield tag="005">20080925081129.0</controlfield>
  <controlfield tag="008">970616nc acannaabn          |b ana      </controlfield>
  <datafield tag="010" ind1=" " ind2=" ">
    <subfield code="a">n  97061751 </subfield>
  </datafield>
  <datafield tag="035" ind1=" " ind2=" ">
    <subfield code="a">(OCoLC)oca04365818</subfield>
  </datafield>
  <datafield tag="040" ind1=" " ind2=" ">
    <subfield code="a">DLC</subfield>
    <subfield code="b">eng</subfield>
    <subfield code="c">DLC</subfield>
    <subfield code="d">OCoLC</subfield>
  </datafield>
  <datafield tag="110" ind1="2" ind2=" ">
    <subfield code="a">Liling Shi ji hua sheng yu wei yuan hui.</subfield>
    <subfield code="b">Bian zuan ling dao xiao zu</subfield>
  </datafield>
  <datafield tag="410" ind1="2" ind2=" ">
    <subfield code="w">nnea</subfield>
    <subfield code="a">Li-ling shih chi hua sheng yü wei yüan hui.</subfield>
    <subfield code="b">Pien tsuan ling tao hsiao tsu</subfield>
  </datafield>
  <datafield tag="410" ind1="2" ind2=" ">
    <subfield code="a">醴陵市计划生育委员会.</subfield>
    <subfield code="b">编纂领导小组</subfield>
  </datafield>
  <datafield tag="667" ind1=" " ind2=" ">
    <subfield code="a">Machine-derived non-Latin script reference project.</subfield>
  </datafield>
  <datafield tag="667" ind1=" " ind2=" ">
    <subfield code="a">Non-Latin script reference not evaluated.</subfield>
  </datafield>
  <datafield tag="670" ind1=" " ind2=" ">
    <subfield code="a">Li-ling jen kʻou chih, 1990:</subfield>
    <subfield code="b">colophon (Li-ling shih chi hua sheng yü wei yüan hui pien tsuan ling tao hsiao tsu)</subfield>
  </datafield>
</record>